1925 3517
235 369 270 447 38
442 358 701 426 ntroin.

266 460 378 529 Undique
393 461 517 511 deformet
532 461 605 523 pellis
621 477 687 511 arara
700 478 774 527 genas
789 480 798 514 τ
855 476 864 483 ·

173 570 178 581 s
232 549 344 601 Emineat
357 543 467 612 quamvis
483 547 543 596 dene
558 564 619 598 uuus
633 563 660 598 et
676 550 738 600 alter
751 551 782 601 ab
798 568 856 611 ore,

267 624 369 689 sordeat
385 633 491 685 eternis
505 650 602 699 tempus
618 652 747 702 utrumque
760 640 853 692 comit:

230 731 269 779 Te
284 741 373 792 precor
386 720 463 773 insani
480 718 560 796 rabies
574 723 663 773 exedat
674 724 767 776 amoris
776 762 796 785 ‚.

266 818 298 865 Et
310 810 378 881 turpi
391 808 513 859 inclusam
527 824 631 872 pectore
646 813 735 864 vulnus
750 816 811 867 alas.

231 900 316 968 Digna
330 896 377 949 tibi
391 911 474 947 tamen
489 896 583 948 interea
597 897 704 951 videaris
720 902 813 960 amari;

264 995 301 1041 Te
314 1002 398 1039 tamen
414 983 536 1033 immenso
549 983 632 1033 nullus
646 983 673 1034 in
685 988 746 1037 orbe
761 988 862 1052 probet.

230 1080 284 1131 Sint
297 1074 370 1141 nigro
384 1072 474 1120 frustra
490 1066 596 1117 demissa
604 1071 709 1121 monilia
722 1074 810 1133 toll03

265 1168 364 1214 Frustra
379 1168 467 1207 oneret
480 1169 575 1203 macras
589 1151 673 1204 instita
688 1161 765 1226 longa
781 1176 860 1214 nates.

229 1246 370 1313 Displiceas
386 1242 477 1295 merito
495 1241 608 1305 twctie,
627 1241 661 1292 sir
675 1250 758 1299 fabula
773 1239 873 1315 vulgo,

262 1334 309 1386 Nil
323 1332 371 1385 nisi
387 1345 527 1399 perversam
540 1332 605 1381 fama
620 1331 735 1396 loquatur
750 1351 830 1387 anum.

229 1428 267 1477 Te
281 1439 359 1476 mater
374 1436 462 1474 tenen
480 1409 632 1470 demonstret
647 1435 709 1489 sepe
723 1422 827 1487 puelle,

261 1516 294 1561 Et
311 1509 395 1573 jubeat
409 1520 493 1557 mores
507 1522 569 1570 sepe
586 1524 672 1558 cavere
687 1524 753 1561 tuos.

228 1603 313 1665 Atque
322 1597 357 1647 ita
366 1593 403 1646 bis
412 1608 512 1646 centum
522 1610 577 1645 cum
585 1596 660 1645 tande
670 1593 814 1661 impleveris
823 1608 914 1655 essuos,v

195 1736 197 1741 ,
261 1690 330 1736 Tunc
346 1679 429 1745 cupias
443 1685 549 1751 frustra,
565 1684 669 1748 pessima
686 1683 795 1740 motha,
805 1681 882 1733 mori.

225 1769 314 1823 taviae
328 1768 355 1819 in
370 1784 478 1821 matrerm
493 1773 588 1823 nodosa
603 1774 714 1837 podagra
730 1771 853 1829 cadaver,
953 1757 954 1760 Ἴ

261 1860 346 1924 Atque
362 1856 405 1909 dio
421 1856 524 1909 infirmis
537 1860 609 1910 ludat
622 1859 649 1910 in
665 1856 786 1910 articulis.
849 1867 852 1876 '

227 1948 290 1998 Dira
304 1950 359 1998 lues
372 1948 461 2013 passim
476 1962 562 2011 putrer
574 1948 728 2015 distorqueat
742 1958 825 2001 artus,

260 2036 347 2087 Foedus
363 2024 391 2085 ut
408 2036 535 2085 absentem
547 2036 654 2098 prodere
668 2034 749 2100 possit
764 2019 840 2084 odor.

224 2128 310 2189 Teque
319 2136 408 2177 notet,
420 2120 492 2172 velut
500 2118 606 2171 invisum
615 2120 649 2172 oie
659 2138 733 2173 omen
743 2158 751 2181 ‚
761 2123 897 2186 Aruspeu:

259 2212 370 2259 Horreat
387 2206 417 2254 ad
432 2206 516 2255 vultus
531 2207 630 2259 femina
640 2244 647 2266 ,
658 2209 746 2275 virque
757 2223 829 2261 tuos.

224 2298 280 2345 Nec
289 2308 371 2343 tamen
379 2292 428 2343 hec
439 2291 566 2358 quisquam
576 2293 694 2345 medicari
705 2296 808 2345 vulnera
818 2309 888 2346 curet
894 2306 904 2354 3

214 2398 217 2405 ·
260 2383 313 2431 Nec
328 2396 411 2429 manus
428 2378 546 2431 auxilium
560 2384 675 2451 porrigat
689 2383 739 2433 ulla
753 2381 812 2433 tibi.

192 2496 195 2511 ·
224 2472 262 2519 Te
277 2466 361 2532 potius
377 2464 459 2515 ridens
474 2466 533 2518 hinc
546 2467 652 2538 indeque
669 2470 741 2523 turba
755 2471 879 2534 jacentem

260 2556 369 2616 Oderit,
385 2553 494 2607 invisum
509 2538 684 2624 devoveatque'
695 2572 780 2622 caput.

224 2642 309 2705 Atque
318 2640 353 2691 ita
362 2656 401 2693 ter
410 2656 509 2693 tentum
518 2660 573 2694 cum
583 2644 656 2694 tande
668 2644 812 2709 impleverit
819 2658 910 2704 anuos,

229 2790 232 2799 Ι
260 2728 339 2782 Cedat
353 2730 383 2781 ab
396 2728 482 2783 infami
499 2748 606 2797 corpore
619 2732 674 2786 vita
687 2733 788 2798 procul·
