1925 3517
237 338 601 416 rumr'rrro.
707 349 759 430 ‚vu

70 469 171 539 rimo,
193 484 328 547 tanquam
345 467 418 530 olim
437 471 488 530 rub
507 471 665 553 Augusto,
685 469 759 550 po'e'*

70 588 164 632 rarum
177 570 292 652 ingenia
307 569 477 633 excirenmr.
488 569 530 632 At
540 571 574 632 de
584 569 629 630 his
644 570 758 647 quidem

9 688 10 695 ¹
69 670 133 730 satis
151 690 231 732 nunc
249 696 259 730 ι
279 688 391 748 tempus
406 685 468 737 est,
483 685 517 760 ur
528 669 567 729 de
583 667 693 746 meipso
706 667 759 730 tibi

70 768 162 830 dicere
175 769 281 848 aliquid
296 768 433 846 incipiam
443 769 493 846 qui
505 789 572 830 cum
587 766 675 828 etiam
689 783 760 844 pue*

8 876 9 893 ¹
71 873 167 940 tulus,
185 868 389 938 macereris,
408 885 440 929 ut
454 865 551 928 Graeci
569 867 685 938 dicunt,
702 889 759 930 rm*

7 969 13 980 '
70 969 190 1049 guiculis
210 968 369 1030 admirabili
378 966 503 1046 quodam
517 967 645 1046 po'e'cices
658 990 761 1032 amore

72 1067 252 1147 flagrassem,
268 1068 359 1128 multa
375 1067 462 1126 eriam
476 1085 549 1144 pene
561 1066 593 1128 in
609 1071 690 1130 omni
707 1089 759 1152 ge·

71 1187 136 1228 nere
163 1167 320 1237 carminis,
341 1184 468 1234 veteres,
493 1164 586 1240 quoad
611 1186 662 1244 per
684 1170 760 1232 viree

8 1254 11 1260 ¹
71 1266 210 1338 licuerat,
228 1266 354 1327 imitatus
363 1260 603 1339 conscripseram:
617 1285 758 1341 quorum,

71 1370 156 1446 poulo
171 1365 308 1449 grandior
314 1365 424 1430 factus,
436 1357 578 1421 nonnulla
585 1358 758 1439 Tardipedi,

8 1518 9 1521 ,
70 1485 100 1530 ut
120 1469 161 1528 ait
176 1466 334 1532 Catullus,
351 1459 421 1520 Deo
439 1459 593 1529 dicatam,
617 1467 760 1528 nonnulla

70 1569 271 1649 projeceram,
294 1562 437 1624 nonnulla·
456 1561 543 1623 eriam
560 1602 575 1630 ‚
595 1579 627 1623 ut
640 1563 689 1638 fi'e,
707 1587 762 1645 pe·

70 1686 118 1726 nes
135 1687 185 1726 me
208 1664 390 1726 retinueram.
416 1661 459 1723 Ea
479 1661 566 1744 igitur
591 1683 659 1726 euru
681 1664 759 1728 haud

7 1810 8 1813 ,
70 1763 108 1826 ita
123 1762 235 1844 pridem
249 1763 348 1826 amicis
362 1761 530 1842 quibusdam
546 1763 638 1834 meis,
656 1765 759 1843 quium

72 1884 125 1944 ego
141 1862 299 1941 plurimum
310 1865 340 1926 iu
354 1864 413 1925 hoe
426 1879 532 1943 genere
543 1863 657 1932 tribuo,
672 1882 760 1936 come

7 1978 8 1995 ¹
71 1963 285 2032 muuicassem,
304 1986 365 2024 non
382 1963 423 2047 eis
440 1962 535 2023 solmn
551 1958 596 2019 illi
610 1949 760 2020 calculum

7 2080 8 2083 ’
73 2086 153 2125 suum
165 2063 313 2142 adjecere,
328 2081 429 2125 uerum
439 2061 528 2122 etiam
541 2075 671 2120 auctores
685 2057 760 2118 mihi

71 2163 203 2231 fuerunt,
225 2179 257 2222 ut
283 2162 390 2225 edenda
413 2182 515 2224 eorum
538 2159 640 2220 saltem
661 2155 760 2232 aliqua

72 2282 149 2340 parre
165 2261 270 2342 judicia
285 2261 438 2327 homiuum
454 2263 607 2342 experirer.
620 2261 759 2319 Asseusur

72 2357 153 2431 sum,
170 2365 294 2441 nequod
309 2384 410 2426 verum
425 2380 487 2433 esc,
505 2362 628 2446 ingenue
646 2359 762 2422 faterer

7 2482 8 2485 ’
71 2483 130 2522 rou
143 2461 298 2525 admodum
309 2480 425 2545 gravare
439 2484 448 2521 ι
467 2478 530 2522 tum
545 2457 626 2538 quod
639 2477 683 2516 res
696 2455 759 2515 nori

72 2561 168 2639 magni
183 2560 301 2638 periculi
317 2558 458 2623 videretur
473 2580 484 2631 3
501 2574 565 2618 tum·
582 2553 658 2632 quod
673 2553 758 2617 facile

7 2676 8 2705 ι
71 2659 246 2724 confiderem
262 2660 326 2722 fore
341 2679 408 2729 me,
424 2655 449 2720 si
467 2675 550 2726 nou,
567 2669 599 2714 ut
611 2650 759 2716 melosa·

558 2751 639 2818 Aiu
