1925 3517
197 317 250 398 viij
344 317 707 403 PRAEFATIO.

196 438 269 512 tius,
283 457 444 508 extremum
459 448 640 527 primorum,
653 467 682 511 at
697 465 774 512 certe
788 467 897 512 extre.

195 537 254 599 mis
266 562 354 620 usque
364 547 499 624 priorem.
515 549 674 616 subsecivis
687 550 774 631 igitur
783 549 884 617 boris,

195 638 313 719 aliquod
329 643 402 705 mihi
418 650 627 727 tempusculum
642 671 659 711 a
673 647 884 729 philosophia,
955 641 959 662 ⁴

198 755 229 799 tt
243 738 311 818 juris
326 744 418 808 civilis
431 746 674 826 praelectionibus,
690 748 792 826 quibus
810 747 884 810 assi-

194 836 253 905 'due
268 861 421 922 occupatus
434 845 570 908 distineor
580 885 590 917 ,
599 846 634 908 ad
646 845 706 908 hec
720 845 886 907 exscriben-

195 940 258 1010 da,
287 959 317 1002 et
342 944 373 1002 in
399 942 531 1004 ordinem
561 963 702 1023 utcunque
730 943 885 1026 redigenda
959 1012 960 1034 χ

197 1039 284 1101 sumsi
300 1062 310 1099 s
328 1061 397 1102 nam
417 1042 560 1118 perpolite
586 1060 615 1104 et
633 1043 733 1104 limare
762 1062 884 1103 accura-
959 1043 960 1050 ’

196 1138 252 1198 tius
268 1158 360 1215 neque
380 1159 553 1218 magnopere
573 1140 699 1209 libebat,
718 1159 812 1219 neque
833 1161 885 1222 pet
958 1207 960 1218 .

199 1254 267 1304 eas,
287 1256 357 1312 quas
372 1239 463 1299 modo
483 1240 562 1311 dixi,
586 1238 788 1318 occupationes
809 1241 883 1302 lice·

94 1379 101 1390 .
200 1337 260 1396 bat.
284 1334 355 1399 Feci
379 1356 498 1408 antem,
516 1339 593 1418 quod
616 1339 775 1424 locupletes
794 1337 889 1406 inter-⁸

199 1436 270 1498 dunt
288 1442 430 1517 oenopoiae
453 1438 566 1509 solent,
587 1438 636 1518 qui
653 1439 741 1500 multa
760 1435 888 1518 hospiti·
959 1491 960 1500 ,

199 1536 252 1594 bus
264 1534 324 1596 vini
337 1556 442 1615 genera
452 1539 590 1618 gustanda
603 1558 787 1620 proponunt,
803 1537 885 1600 elecr

197 1632 269 1696 turis
287 1632 366 1710 quod
392 1635 429 1694 ad
450 1639 579 1716 palatum
607 1640 732 1704 maxime
758 1637 887 1698 secerite

198 1746 270 1791 nam
290 1731 331 1794 ita
355 1749 385 1795 et
404 1755 459 1796 nos
478 1738 569 1799 mulsa
593 1736 759 1816 poematiis
779 1751 888 1818 genera

200 1828 422 1910 proposuimus,
440 1854 473 1896 ut
491 1835 515 1895 si
532 1835 606 1897 forte
624 1837 655 1898 in
675 1837 776 1914 aliquo
792 1835 889 1896 lecto-
960 1885 961 1900 .

200 1929 279 1992 tibus
299 1929 462 1996 fecissemus
482 1936 569 2007 satis,
586 1936 616 1998 in
637 1956 674 1998 eo
695 1935 776 2013 plura
800 1951 888 2010 porro

200 2029 333 2094 emittere
348 2051 541 2114 pergeremus.
558 2033 627 2096 Hoc
646 2051 741 2094 autem
755 2029 888 2110 quicquid
960 2059 961 2068 ¹

200 2146 263 2191 erat
282 2129 394 2202 libelli,
422 2131 566 2198 Juvenilia
585 2132 735 2194 inscribere
757 2133 888 2212 placuit,

202 2242 235 2286 ut
256 2228 278 2286 si
298 2228 365 2305 qnid
380 2229 455 2289 forte
469 2226 612 2289 interdum
631 2229 762 2292 lascivius
780 2231 890 2292 dictum

205 2342 298 2398 esset,
322 2326 382 2406 ipsa
401 2346 456 2388 nos
472 2328 547 2406 apud
571 2327 725 2392 severiores
744 2348 891 2394 excusaret

203 2425 363 2506 inscriptio.
387 2425 434 2486 Ac
460 2426 545 2490 initio
569 2428 684 2510 quidem
708 2427 890 2493 decreveram

206 2547 274 2588 eum
292 2525 402 2589 nemini
419 2528 552 2608 cuiquam
569 2531 685 2605 dicare,
705 2547 737 2589 ut
751 2527 800 2605 qui
819 2527 891 2589 tanti

200 2642 266 2714 ¹esse
290 2645 351 2686 non
373 2627 507 2690 ducerem
532 2653 542 2692 t
566 2632 642 2709 quod
665 2627 819 2692 consilium
843 2647 894 2693 cur
