1925 3517
241 386 598 485 rnnrrrro.
716 391 750 456 n

65 497 167 592 postea
183 509 375 583 mutaverim,
391 512 544 597 intelliges.
555 514 632 579 Cum
649 513 707 594 jam
720 515 752 576 in

4 692 5 697 ἵ
70 633 107 676 eo
117 607 287 673 excudendo
299 608 406 673 librarii
420 631 529 686 essent,
540 615 613 678 forte
623 612 668 676 die
681 634 754 690 qno-

71 712 138 774 iam
163 708 294 780 accidit,
316 726 349 770 ut
370 728 407 771 ex
430 711 586 774 studiorum
611 711 755 773 laboribus

4 844 5 893 3
72 808 217 887 pejnscnle
228 826 276 870 me
284 805 431 873 habetem.
441 808 556 874 Venere
567 808 603 871 ad
617 829 683 879 me,
701 829 754 888 pto

3 926 7 982 ᾗ
73 925 169 969 nonna
193 904 385 970 familiaritate
411 907 520 974 Comes
541 907 699 978 Alsinous,
722 906 757 976 J.

73 1002 218 1067 Antonius
236 1004 363 1076 Baifius,
384 1004 539 1087 Stephanus
556 1007 705 1076 Jodellus,
724 1022 756 1066 ur

74 1105 203 1186 alloquio
219 1125 271 1166 suo
281 1121 311 1166 et
326 1122 435 1184 partem
449 1127 523 1171 mere
534 1107 670 1170 molestie
685 1107 758 1168 alle·

3 1259 5 1262 ,
74 1225 194 1275 vatent,
212 1219 242 1264 et
262 1205 401 1283 paulatim
423 1205 582 1268 eximerent
603 1207 690 1270 diem.
711 1206 757 1269 lbi

2 1366 3 1373 ,
75 1307 171 1369 multis
181 1306 259 1366 ultro
269 1305 397 1380 citroque
409 1300 511 1363 habitis
521 1301 629 1372 verbis,
643 1303 757 1366 tandem

2 1386 3 1471 i
74 1405 110 1467 de
124 1403 168 1465 his
182 1404 271 1465 etiarn
286 1401 369 1483 nugis
383 1400 502 1475 iniectus
518 1417 559 1462 est
572 1419 686 1462 sermo:
700 1400 759 1479 pri·

74 1523 194 1582 musque
213 1499 320 1562 Baifins
338 1499 451 1582 rogavit
467 1517 504 1558 ex
524 1515 592 1570 me,
611 1500 760 1564 eccuinam

73 1604 181 1680 Librum
195 1621 295 1669 meum
310 1599 404 1666 ditare
418 1594 590 1676 faeditatem
604 1617 667 1664 nrm
682 1623 758 1685 ego,

1 1732 2 1737 ¹
75 1701 106 1767 id
121 1703 198 1782 quod
215 1724 260 1766 res
274 1722 353 1776 erat,
373 1701 492 1766 nemini.
511 1699 555 1762 Ibi
570 1717 632 1762 tunt
650 1699 760 1764 Comes

1 1792 2 1832 ³
74 1802 160 1865 valde
174 1801 282 1866 hortari
300 1825 346 1866 me
364 1801 473 1883 coepit,
492 1799 544 1863 tibi
563 1818 595 1861 ut
613 1819 680 1862 eum
697 1799 760 1862 ins·

1 1948 2 1961 ,
76 1902 215 1964 criberem
233 1927 244 1965 e
268 1921 429 1985 pergratum
443 1901 473 1962 id
495 1895 568 1965 ribi,
586 1914 690 1974 perque
708 1913 762 1955 ac·

78 2017 193 2076 ceptum
206 1999 267 2060 fore
279 2026 288 2063 ι
299 2002 437 2078 simulque
446 2016 545 2060 nactus
558 1993 667 2055 dicendi
679 2009 760 2054 cam·

1 2085 2 2171 }
78 2118 170 2180 pum,
186 2097 257 2159 cum'
275 2098 331 2158 alia
350 2099 441 2159 multa
462 2096 497 2157 de
516 2114 545 2158 te
564 2089 763 2156 honorificem

79 2196 185 2258 tissime
201 2215 431 2258 commemorare
447 2195 554 2275 cepit,
569 2211 631 2256 tum
649 2209 682 2251 ea
699 2207 760 2266 que

80 2292 152 2356 tuin
164 2291 344 2358 Ludovicum
357 2293 536 2376 Quercnlum
545 2290 694 2354 hominem
705 2307 761 2365 op·

79 2391 200 2465 timum,
214 2410 244 2456 et
256 2394 472 2467 doctissimum,
484 2393 673 2457 institutorem
688 2387 761 2447 olim

80 2508 182 2565 tuum,
199 2492 398 2578 benignissime
416 2511 443 2560 et
458 2491 571 2562 fecisti,
587 2506 617 2550 et
632 2483 760 2566 quotidie

80 2589 171 2655 tam:
188 2614 250 2672 quae
262 2593 313 2656 etsi
331 2609 431 2653 omnes
446 2588 555 2668 optime
570 2603 755 2650 noveramus,

79 2703 166 2751 nemo
184 2706 281 2754 nmen
298 2709 377 2763 erat,
395 2690 519 2772 quinon
536 2687 568 2763 in
586 2681 708 2749 Comitis
724 2681 761 2744 de*
