1925 3517
261 338 633 418 P-RAEFATIOs
761 369 791 414 γ,

93 487 183 551 qnam
199 486 231 533 ut
245 471 343 552 negari
352 471 473 552 amplius
482 467 583 551 pessit.
595 464 656 546 Qui
668 487 697 530 se
711 489 781 531 ver-

93 573 204 634 naculo
227 585 329 643 nostro
352 591 484 632 sermone
511 565 612 650 po'e'tas
639 563 781 644 perhiberi

93 673 255 743 volebant,
270 668 370 750 perdit
384 688 420 731 ea
436 668 589 748 scripsere,
607 685 668 744 que
683 664 780 730 deles·

94 788 158 833 rare
172 768 262 830 modo
280 768 391 830 otiosas
404 767 586 830 mulierculas
595 807 610 836 ,
621 785 683 826 nen
693 763 781 826 aiem

93 869 270 932 eruditorum
279 868 432 931 hominum
445 869 535 930 studia
546 887 644 930 tenere
653 878 781 944 possent·

92 965 233 1039 Primus,
261 981 294 1030 ut
317 965 463 1051 arbitror,
491 967 589 1030 Petrus
614 959 778 1028 Rorisardus

89 1085 159 1127 eum
179 1085 209 1126 se
230 1065 418 1128 eruditissimo
433 1067 498 1130 vire
516 1065 623 1136 Joerni
638 1053 774 1133 Auratd,

90 1165 123 1227 in
139 1164 316 1244 disciplinam
330 1164 467 1237 dedisset,
482 1185 575 1244 eoque
595 1163 684 1235 duce,
695 1179 777 1230 vete.-

1 1263 5 1267 ’
90 1285 158 1330 tum
183 1264 325 1343 utriusque
350 1265 454 1347 lingue
476 1265 628 1343 poe-'tarum
653 1260 776 1339 scripta,

70 1366 182 1430 ,multa
195 1378 225 1424 et
239 1361 369 1442 diligenti
387 1362 511 1424 lectione
528 1361 670 1430 trivisset,
687 1376 778 1436 traps·

88 1461 207 1524 marinis
231 1460 289 1522 illis
313 1458 414 1537 opibus
436 1481 485 1522 sua
510 1462 612 1541 scripta
639 1455 778 1521 exemere

87 1581 234 1644 eggressus
250 1574 293 1619 est
309 1581 318 1620 e
334 1560 414 1639 cujus
429 1578 528 1639 postea
546 1557 714 1638 exemplum
729 1556 775 1619 in·-

89 1660 180 1724 tecuti
200 1660 233 1728 J.
256 1659 399 1722 Antonius
423 1659 529 1722 Ba'ifius
540 1699 551 1729 ,
571 1657 602 1727 J.
626 1658 775 1728 Bedaium

87 1760 196 1840 aliique
211 1757 364 1840 permulti,
382 1761 462 1821 brevi
473 1776 605 1837 tempore
621 1775 715 1822 tentos
728 1759 773 1821 fe·

53 1876 154 1922 ‘cere
176 1877 356 1940 progressus,
378 1872 410 1918 ut
433 1876 478 1918 res
501 1857 550 1920 vel
572 1855 608 1917 ad
628 1875 791 1918 summum.

87 1958 249 2042 pervertisse
266 1955 345 2036 jam,
361 1957 411 2017 vel
431 1971 511 2016 certe
527 1953 601 2016 haud
621 1954 661 2016 ira
678 1954 787 2018 multo·

87 2075 155 2139 pest
168 2071 336 2135 perventura
351 2074 413 2117 esse
426 2055 565 2118 videatur.
579 2055 659 2116 idem
672 2054 702 2115 in
718 2051 776 2114 liirss

85 2179 146 2242 gna
156 2156 259 2218 Latina
269 2157 393 2218 multum
402 2156 500 2227 abest,
520 2154 655 2218 uidicere
669 2153 772 2219 liceate
786 2175 793 2206 2

84 2257 118 2318 in
131 2276 187 2336 qua
209 2273 335 2348 cumbere
348 2253 488 2316 veteribus
510 2258 547 2318 ab
561 2253 713 2323 Ausonio,
734 2274 772 2318 ex
789 2302 791 2310 .

84 2351 291 2418 recentioribus
309 2373 327 2412 a
346 2351 517 2425 Salmonio,
532 2368 562 2414 et
580 2351 643 2414 aliis
662 2351 773 2414 duobus

82 2453 185 2522 forte,
206 2467 256 2514 eut
271 2471 415 2512 summurn
431 2451 519 2512 tribus
537 2451 720 2519 discesseris,
738 2464 774 2512 ut
813 2479 820 2492 ¹

84 2551 184 2614 Graeei
203 2549 358 2632 proverbio
379 2549 477 2612 dicunt
498 2567 557 2610 esse
576 2548 684 2610 multos
701 2547 770 2628 qui·

80 2655 151 2718 dem
166 2653 215 2732 qui
232 2654 321 2718 boses
336 2647 502 2722 sensisse,
517 2647 564 2712 sed
582 2665 661 2709 raros
675 2663 770 2714 erate·
786 2697 790 2704 .

573 2747 602 2810 A
620 2743 653 2828 iij
