1925 3517
221 340 258 408 84
344 330 776 400 EPIGRAMMATA.

218 439 281 486 Turn
295 435 357 487 verb
372 435 465 487 similes
479 434 559 487 verita
573 450 611 486 est
622 434 727 487 Latonia
742 447 828 493 casus,

252 521 390 574 occideret
403 522 493 574 nebula
505 538 537 573 ne
548 522 669 573 labefacta
681 519 736 587 pari
749 538 757 572 e

217 612 267 669 Et,
285 609 381 675 quoties
396 610 470 661 tellus
484 612 605 660 fraternos
619 605 727 673 impedit
740 605 834 675 ignee,

250 698 395 765 Exemplum
408 696 455 749 frti
470 696 529 749 diva
542 693 579 747 tui
590 693 689 748 metuit·

354 845 420 908 IN
469 842 768 907 NEAERAM.

216 1000 317 1055 Lumine
326 1001 442 1069 miteque
449 1000 555 1053 animum
564 1001 688 1068 coepittua
695 1001 803 1052 eandida
811 1004 907 1060 forma,

250 1084 362 1139 Moribus
375 1084 507 1145 offendor,
525 1103 598 1139 torva
612 1092 716 1149 Neaera,
733 1088 795 1140 tuis.

214 1180 269 1231 Nec
279 1175 340 1227 mihi
350 1176 414 1227 unda
424 1176 508 1245 places
518 1215 527 1245 ξ
542 1176 650 1229 sedeunt
658 1174 751 1227 vestita
764 1174 887 1227 recumbis
897 1210 905 1236 ,

250 1262 320 1315 Basia
334 1280 373 1314 me
385 1260 502 1327 capiunt,
517 1279 568 1315 nnn
582 1281 638 1314 amo
651 1263 811 1316 concubitus.

217 1354 289 1415 Quot
302 1352 374 1403 dotes
387 1367 471 1405 natura
480 1349 567 1408 dedit,
583 1350 691 1403 totidem
698 1351 748 1403 tibi
756 1355 859 1407 mendas

250 1437 377 1497 Addidit,
393 1452 530 1496 ettamen,
547 1437 612 1488 heu!
629 1452 656 1489 re
667 1452 693 1487 te
706 1455 756 1506 ego
771 1440 891 1506 depereo.

216 1525 341 1577 Nimirum
357 1542 437 1577 cneus
452 1542 505 1577 nnn
521 1541 558 1578 est
572 1526 626 1576 cium
640 1526 742 1591 pulchra
755 1542 857 1590 tuetur,

251 1618 319 1664 Tune
329 1613 427 1679 Argum
438 1628 497 1665 tunc
507 1630 533 1665 et
540 1618 637 1681 Lyncea
645 1613 726 1666 vincit
734 1614 829 1667 Amor.

216 1701 254 1751 At
267 1702 365 1751 mendas
377 1716 508 1765 spectare,
526 1716 612 1752 aversa
623 1705 723 1759 fiuntc,
740 1716 857 1763 recusat,

249 1790 319 1840 Tunc
333 1803 359 1838 et
372 1786 471 1841 Tiresia
482 1787 593 1851 eueniet,
609 1804 635 1841 et
649 1791 780 1858 Thamyra.

231 1936 277 1999 lN
295 1935 503 1999 LIBELLUM
522 1938 642 2001 SUUM
660 1937 892 2003 BASIORUM.

215 2096 288 2148 Casta
303 2094 369 2162 quod
386 2090 472 2148 enervi
487 2109 614 2158 cantamus
627 2098 693 2149 basin
706 2096 797 2157 libro,

248 2182 365 2245 Versibus
380 2182 465 2236 illudit
476 2187 546 2234 furer
560 2185 671 2251 Lycinna
683 2174 762 2238 meis:

213 2271 245 2320 Et
261 2286 300 2320 tne
315 2262 461 2335 lt'nguiduli
471 2264 553 2322 vatent
570 2270 646 2326 vo'cat
661 2270 726 2325 AElia
738 2272 829 2337 penis,

247 2360 306 2420 Qun
321 2348 442 2407 Venerem
456 2358 482 2408 in
496 2358 582 2412 triviis
593 2358 783 2427 porticibusque
799 2361 882 2413 locuta

210 2443 327 2503 Scilicet,
338 2458 450 2509 expectat
456 2449 570 2503 nostruin
580 2466 677 2519 quoque
686 2467 790 2502 noscere
798 2453 905 2516 penem!

244 2532 341 2584 Parcite
354 2534 624 2600 turpiculae‚‘rnenrula
639 2538 708 2588 nulla
723 2537 786 2589 mihi
804 2555 853 2597 est.

210 2622 264 2671 Nec
280 2618 352 2672 vobis
366 2636 456 2685 canto,
473 2641 519 2677 nec
533 2624 606 2677 vobis
620 2625 688 2677 basia
703 2626 754 2694 figo
770 2644 778 2680 e

242 2711 290 2765 Ista
305 2708 375 2778 legar
388 2714 468 2767 teneri
478 2730 571 2785 ⁴speum
584 2714 653 2767 rudis
666 2713 738 2778 pueri
751 2732 761 2768 e
855 2784 868 2835 Ι

869 2798 908 2836 str
