1925 3517
218 322 255 381 ta
333 309 776 376 EPIGRAMMATA.

251 446 306 509 IN
327 443 579 509 PASSEREM
600 441 873 512 GLYCERES.

216 593 315 648 Hostili
327 595 412 645 Pacaer
426 586 481 639 felis
496 600 606 651 raptatus
618 583 650 635 ab
662 601 724 646 ore,

251 680 374 751 languit,
389 676 501 743 exiguam
516 671 677 737 deposuitque
689 670 816 725 animam:

220 774 304 835 Quem
313 767 415 834 postqui
425 764 532 829 Glycerc
541 760 697 826 illacrymans
704 759 798 828 fovitq3
808 762 909 830 papillis

252 855 424 925 Frigidum,
438 848 526 915 tepido
536 866 593 901 rore
605 848 700 915 rigavit
709 868 811 903 amaus:

218 944 345 1011 palpitat,
360 957 385 993 et
393 955 493 992 teneros
501 952 583 1003 raptat
591 953 658 987 nova
669 937 721 991 uita
731 958 776 1005 per
788 956 875 1003 artur,

251 1035 446 1097 Moxque-vagus
458 1041 528 1075 rocca
536 1022 639 1089 prosilit
650 1040 663 1075 e
676 1026 789 1088 latebra,

218 1124 250 1169 Et
261 1118 327 1185 sugit
341 1115 417 1167 airino
431 1130 481 1163 non
494 1114 639 1165 observatur
653 1111 680 1161 in
695 1132 781 1167 auras:

252 1206 298 1259 llla
312 1202 399 1260 dolet,
414 1200 522 1268 gemitus
534 1216 560 1252 et
573 1201 624 1251 cict
637 1217 681 1251 ore
696 1220 804 1269 graves,

220 1297 346 1361 Guttaque
355 1308 398 1357 pet
407 1288 499 1342 nitidas
510 1290 616 1341 distillat
626 1290 704 1342 vitrea
713 1292 790 1341 malas
801 1329 809 1352 ,

253 1379 406 1431 Discincturu
421 1378 525 1447 gemmis
537 1379 608 1445 quale
623 1376 720 1428 renidet
732 1380 806 1433 ebur.

219 1473 336 1536 Ingrato,
352 1469 417 1528 heu,
432 1468 535 1521 nimium
550 1484 648 1533 passer,
664 1466 706 1533 qui
719 1468 813 1519 deseris
824 1468 893 1521 illam

256 1554 382 1621 Quicquid
392 1556 465 1606 habes
475 1554 560 1605 animat
569 1567 668 1603 munere
678 1555 745 1617 cujus
755 1557 841 1610 habes.

219 1640 382 1699 Dissimilem,
390 1658 406 1691 o
417 1650 533 1701 lsortem,
544 1658 569 1692 tc
576 1643 618 1691 lux
627 1658 690 1700 mea,
699 1656 723 1692 te
731 1659 822 1709 sequor
831 1662 909 1707 unam,

253 1730 315 1781 Cium
329 1728 405 1781 toties
419 1726 489 1779 dulci
503 1743 543 1778 me
556 1727 649 1792 spolies
663 1727 751 1782 anima.

279 1868 335 1931 IN
365 1860 542 1926 ALlUM
571 1863 850 1931 PASSEREM

366 1954 534 1993 utusuum
559 1946 759 1996 Guucnuao

220 2079 334 2146 Improba
343 2078 373 2128 de
384 2076 488 2127 domina
499 2078 595 2146 gremio
604 2080 662 2130 dum
671 2080 791 2143 provolat
801 2083 853 2137 alec
862 2123 872 2147 ,

255 2166 397 2233 Corripitur
409 2166 515 2217 dominae
527 2166 745 2235 comprimiturque
758 2186 844 2222 mauu.

219 2255 266 2307 Illa
277 2252 374 2319 quidem
384 2252 506 2313 moritur,
522 2256 607 2307 sedric
617 2256 730 2320 juvatitt
738 2257 786 2308 rub
796 2259 909 2321 umbras,

220 2394 221 2397 ,
253 2347 320 2405 Soepe
332 2341 396 2391 mori
411 2341 487 2393 simili
501 2359 552 2394 uon
568 2362 630 2397 nect
642 2343 733 2412 por'se,
749 2346 834 2398 dolet.

220 2435 280 2483 Hoc
290 2431 351 2481 bene
360 2428 408 2481 stit
417 2430 541 2496 Glyctre,
555 2434 640 2483 forme
650 2433 698 2485 cibi
709 2433 810 2485 conscia
819 2451 894 2488 tautae
904 2472 912 2497 ,

254 2524 329 2585 Inque
338 2518 392 2570 sinu
402 2518 489 2584 tepido
500 2520 591 2572 callida
600 2521 688 2573 condit
696 2538 766 2574 auem
776 2540 785 2573 c

219 2606 273 2655 Nec
284 2622 370 2665 mora,
386 2605 440 2657 visa
449 2607 548 2659 movdre
558 2626 629 2669 auat,
644 2626 671 2661 et
679 2625 796 2662 mouerat
808 2610 879 2671 alat,

251 2691 337 2757 Atque
349 2692 438 2744 iterum
454 2696 579 2748 dominam
593 2697 698 2763 pessima
713 2696 824 2749 descruit
839 2715 846 2750 t
