1925 3517
287 340 554 410 ELEGIAE.
719 353 756 412 ω

73 449 195 505 Inclinato
206 464 282 515 sopor
294 461 416 513 nunquam
426 465 479 499 meu
493 443 586 497 lumina
600 444 701 505 solvet,

111 539 163 603 Qui
174 526 286 599 dormit,
301 534 670 589 tecumnonhubetillesuams
752 592 757 602 ¹

77 631 103 679 0
114 636 120 679 l
131 644 196 679 nunc
207 664 214 687 ‚
226 642 242 677 o
255 624 379 693 lvigilts,
393 625 457 679 illud
467 640 498 675 ne
506 620 620 688 protinus
629 618 732 679 addant,

112 717 173 777 Quae
183 712 292 773 dormit,
308 730 392 766 secum
403 712 538 765 nonhabet
547 708 591 759 illa
600 725 681 759 tuum.

75 802 136 853 Hoc
146 816 198 851 non
207 798 323 855 admittes
332 804 358 854 in
369 819 394 855 te
404 798 546 855 dulcissima
555 795 648 847 crimen
657 832 668 854 ,

111 894 214 941 Somnus
223 888 335 952 jucundis
347 891 394 952 ium
403 889 465 939 fluet
478 902 508 937 ex
519 880 612 935 oculis.

76 982 106 1032 ln
119 978 195 1030 niveo
208 978 291 1043 lapsos
298 977 418 1029 formavit
426 974 521 1041 pollice
536 967 631 1027 crines,

111 1065 214 1120 Lumina
224 1060 355 1131 permulsit
363 1062 519 1115 semitetlusa
527 1074 599 1109 manu
609 1076 616 1109 t

80 1160 114 1207 Et
127 1154 188 1206 mihi
203 1153 325 1205 baniolum
334 1149 434 1200 strinxit
445 1148 585 1214 trepidante
597 1144 711 1205 labello,

116 1242 197 1305 Quale
211 1239 268 1291 viro
282 1234 414 1288 insomnis
427 1235 494 1284 nulla
504 1233 591 1297 puello
601 1233 670 1284 tulit.

82 1331 138 1382 lam
153 1320 273 1378 dormisse
287 1325 378 1379 decet,
393 1320 441 1383 jam
454 1334 479 1369 te
492 1318 628 1370 formosior
642 1317 696 1383 ipsa
708 1332 734 1368 et
744 1349 758 1376 s

116 1412 225 1466 Mollior
237 1428 267 1463 ex
281 1408 362 1461 oculis
375 1408 423 1473 iarn
437 1405 485 1459 tibi
497 1404 597 1458 flamma
610 1404 690 1457 venit.

83 1504 141 1563 Sic,
159 1502 200 1554 ubi
214 1516 349 1553 nocturnos
363 1496 430 1563 rupit
445 1494 564 1547 Tithonia
576 1509 693 1553 somnos,

116 1592 268 1654 Purpureum
280 1589 349 1639 flavo
362 1583 445 1636 fundit
456 1582 488 1633 ab
502 1599 544 1634 ore
559 1584 650 1634 decute
672 1574 677 1585 ’

83 1680 124 1735 Sic
139 1678 204 1730 nitet
216 1676 330 1743 ambiguo
341 1673 414 1725 Titan
429 1671 582 1740 gratissimus
596 1685 659 1730 ore,

118 1769 181 1821 Cium
192 1784 218 1818 se
227 1782 278 1817 non
287 1778 368 1817 toturn
377 1761 481 1813 nubibus
495 1758 589 1811 exeruit
600 1775 610 1808 s

84 1856 154 1911 Talia
163 1872 206 1920 per
213 1854 302 1904 densos
313 1846 387 1914 myrti
396 1845 501 1897 Latonia
509 1860 592 1895 ramos

118 1943 215 2007 Dejicit
227 1941 254 1990 in
267 1932 367 1989 tremuli
380 1932 474 1985 lumina
487 1915 566 1981 fontir
578 1945 676 1994 uquam.

85 2037 158 2087 Nunc
166 2030 230 2082 licet
238 2024 332 2079 intonsi
341 2021 425 2075 veniat
433 2020 476 2071 sub
486 2015 592 2084 imagine
598 2012 685 2065 Phoebi

119 2128 238 2178 Somnus,
255 2109 425 2167 Athlantiadis
435 2109 477 2161 vel
487 2119 556 2174 gerat
565 2118 609 2153 ora
616 2096 684 2157 Dei,

86 2208 240 2272 Exemplove
252 2199 343 2259 lovis,
358 2194 456 2263 liquido
470 2188 634 2244 nitidissimus
648 2197 708 2233 auro

121 2293 245 2351 Diffiust,
260 2305 301 2343 tut
312 2288 387 2341 niveo
400 2300 480 2339 tectus
490 2283 562 2334 olore
574 2285 676 2342 gematt

87 2387 187 2449 Spernet
195 2376 346 2441 Apollineos
356 2390 404 2439 pre
411 2367 583 2423 meVenerilla
593 2356 715 2423 capillos,

122 2461 287 2529 Mercuriique
299 2478 374 2527 genas
384 2446 394 2519 ‚⁸
407 2454 573 2518 Mercuriique
585 2449 682 2513 lyram:

89 2552 212 2605 Excludet
223 2546 320 2617 gremio
334 2560 424 2597 croces
437 2538 544 2592 ludibria
556 2544 645 2600 gutte,

121 2611 726 2693 mmmunfflmnwuwmumo
