1925 3517
220 296 257 351 aa
426 276 686 345 ELEGIAE.

251 385 283 434 Et
292 381 356 434 levis
365 398 463 435 excussa
471 383 572 447 plaudet
582 382 663 432 Amor
673 377 788 442 pharetra
798 398 807 433 a

217 470 358 533 Etjuvenes
372 487 472 528 omnes,
487 482 514 519 et
522 485 561 519 me
570 468 706 533 tuaprobra
714 470 853 530 juvabunt,

249 558 320 615 Lux,
334 574 440 622 precor,
456 572 472 605 ο
482 562 489 604 2
498 558 551 605 fato
562 554 596 605 sit
608 555 676 621 prior
690 556 735 607 illa
746 575 816 611 meo.

215 643 285 694 Tunc
294 661 342 711 ego
352 640 493 711 candentis,¹
506 643 591 693 Venus
600 660 616 693 ο
628 652 633 693 !
643 647 769 705 formosa,
783 648 901 701 columba

250 732 319 783 Ante
329 746 383 783 tuas
397 748 449 782 aras
462 726 559 781 viscera
570 745 632 792 pura
643 732 731 786 feram.

215 818 312 867 Interea
323 816 428 868 flammis
442 818 510 879 jecur
522 816 572 867 boc
586 817 731 871 melioribus
741 838 787 871 ure
799 855 810 883 ,

248 905 316 955 Dum
332 920 389 963 res,
406 917 432 954 et
444 902 503 958 vim
515 919 629 969 tempora
641 922 717 957 verna
729 906 826 961 sinunt.

215 994 257 1042 Me
270 1007 365 1045 recreet
378 991 470 1056 placidi
483 992 618 1057 tranquilia
633 991 764 1061 Cupidinis
777 1011 854 1057 aura,

247 1080 284 1130 Sit
291 1078 380 1143 procui
388 1095 417 1129 ex
427 1080 512 1131 auimo
520 1081 620 1131 turbida
628 1097 685 1132 cura
693 1097 762 1134 meo.

214 1168 355 1230 bisinnus,
370 1182 396 1225 st
405 1166 466 1221 risus
476 1170 564 1233 juvet,
578 1166 828 1235 incertiquepenates
836 1205 846 1230 ,

249 1259 290 1307 Me
299 1257 368 1324 lyra,
387 1274 426 1307 me
437 1256 542 1316 calices,
557 1274 597 1307 me
606 1274 662 1308 rosa
669 1255 747 1307 tincta
756 1273 844 1313 mero,

212 1348 254 1395 Me
263 1346 313 1395 aine
322 1346 385 1397 nube
396 1344 467 1405 dies,
484 1361 510 1397 et
524 1344 625 1396 mesine
637 1345 844 1406 noctetenebrae,

245 1438 279 1485 Et
289 1432 341 1485 sine
354 1451 403 1487 nox
417 1433 541 1495 tenebris,
558 1449 584 1485 et
595 1432 647 1483 sine
659 1429 719 1480 dote
730 1444 818 1491 torus,

212 1520 276 1575 Rixa
290 1540 378 1575 vacans
391 1523 474 1583 odiis,
493 1539 519 1574 et
531 1523 603 1575 nullo
614 1522 715 1573 vulnere
727 1518 844 1591 bellum,

243 1611 276 1692 iit
286 1610 408 1661 matutino
417 1610 487 1664 victa
494 1626 585 1674 sopore
595 1613 688 1662 Venus.

211 1752 900 1841 baibaibaibaibssuiiaiiaffl

388 1902 526 1966 nnus
540 1903 593 1964 1A
632 1899 663 1961 x
676 1899 720 1966 x,

210 2056 315 2110 somne,
331 2052 466 2104 tenebrosa
477 2048 555 2101 Necis
568 2043 726 2115 ignavissime
736 2049 832 2110 frater,

241 2143 274 2189 Et
286 2140 380 2195 tantini
390 2135 461 2191 vania
470 2136 550 2186 dulcis
560 2131 725 2201 imaginibus,

207 2224 284 2273 Parce
293 2242 351 2275 meae
360 2222 464 2275 domina
472 2221 604 2272 natitantea
615 2221 727 2273 claudere
737 2224 856 2286 ocellos,

240 2310 332 2361 Noctis
340 2310 464 2375 promisse
479 2308 537 2358 dum
551 2305 635 2360 brevia
648 2324 689 2358 ora
698 2307 766 2361 fluit.

207 2399 282 2449 Pacta
290 2392 350 2449 mihi
359 2415 404 2458 est,
413 2401 558 2449 nunSomne
565 2394 614 2449 tibi
623 2415 630 2449 a
640 2412 684 2447 cur
691 2394 806 2462 improbe
811 2402 902 2468 pennis

241 2486 375 2553 subrepens
386 2486 469 2540 tacitis
478 2488 505 2537 in
515 2488 580 2539 bona
588 2501 671 2537 nostra
681 2486 752 2537 volas
763 2490 772 2537 ἓ

206 2574 319 2633 Desine,
334 2573 355 2623 si
363 2575 445 2639 pudor
454 2591 511 2633 est,
525 2589 627 2625 onerare
635 2571 790 2637 amplexibus
800 2578 882 2644 atris,

239 2660 350 2713 Membra
360 2662 470 2729 Pyrenaea
479 2656 625 2712 candidiota
634 2651 704 2717 nive·
