1925 3517
199 350 635 419 Erronnnnnrn
719 363 754 436 ες

69 454 119 510 Illa
134 470 208 509 manu
222 456 328 508 celerem
342 452 467 519 sequitur,
485 454 555 521 rupit
563 455 608 505 illa
620 453 716 517 teneri,

102 550 136 597 Et
150 544 260 597 manibus
274 559 368 595 rursum
382 542 489 610 virginis
500 542 652 597 immoritur·

68 632 155 686 Invidi
171 631 275 692 infelix,
289 647 340 684 tarn
353 630 435 682 dulcia
449 636 498 685 fata
508 631 620 686 volucria

105 719 249 787 Optarn'que
262 717 351 773 iisdem
364 738 437 788 porse
451 721 517 773 rnori
531 719 650 773 manibus.

69 812 118 865 Illa
125 809 758 877 negat:sortemolmiserarn‚curimpia‚curnam‚

105 898 154 951 Cui
167 896 244 949 vitam
259 896 358 959 renuis,
375 898 456 951 renuis
468 899 616 951 interitum!

70 1033 124 1095 IN
154 1028 445 1097 MARULLUM
469 1035 531 1099 ET
553 1031 758 1103 VARIUM.

70 1176 193 1229 Marullus
205 1176 344 1242 Variusque
352 1148 498 1243 'Septimillae

70 1265 207 1319 Donavere
221 1279 282 1330 toga
295 1279 361 1315 nova
376 1266 502 1319 maritum.

71 1342 145 1405 Nunc
160 1352 206 1403 ille
219 1350 327 1402 ambulat
339 1350 387 1401 huc
400 1366 425 1402 et
439 1352 487 1403 huc
501 1367 619 1422 togatue‚‘

71 1439 291 1499 lateranensem,
307 1439 434 1505 porticus,
449 1442 580 1501 tabernae,

71 1532 169 1591 Viros,
185 1530 290 1590 balnea,
306 1526 432 1586 fornices,
448 1528 574 1593 popinaat

72 1622 127 1669 Nec
143 1631 201 1681 topo
215 1615 298 1668 deciee
313 1612 401 1665 revisit
414 1630 477 1665 anno

72 1703 199 1761 Relictam
215 1700 322 1755 dominis
336 1706 436 1755 domurn
449 1702 569 1757 novellis·

73 1790 157 1844 Securi
172 1791 249 1841 modo
263 1804 324 1852 sepe
339 1789 395 1839 luce
407 1790 508 1853 prima,

74 1878 160 1931 Securi
174 1877 258 1929 medio
275 1877 316 1927 die
329 1878 442 1925 fruuntur

74 1968 195 2021 Marullus
211 1964 347 2032 Variusque
362 1958 509 2025 Septinilla.

230 2102 296 2164 IN
336 2100 359 2163 E
379 2101 407 2162 A
426 2100 457 2160 N
476 2099 505 2159 D
524 2096 548 2159 E
567 2096 613 2159 M.

77 2270 153 2321 Mitte
166 2268 302 2337 peregrinis
316 2265 418 2334 opplere
434 2263 561 2317 coloribus
576 2277 642 2316 ora:

111 2356 200 2407 Nudus
211 2357 292 2409 Amor
305 2360 373 2411 nudae
386 2374 485 2409 munero
496 2353 587 2409 frontis
602 2368 678 2407 aurat·

97 2492 151 2553 IN
171 2490 440 2553 CYNTHIAM
459 2489 738 2552 PROPERTII.

79 2634 186 2705 Cynthia
194 2649 218 2686 te
228 2648 357 2701 postquam
365 2650 431 2686 more
441 2633 543 2686 abstulit
550 2648 618 2695 atra,
632 2633 728 2703 tuisque

112 2720 213 2777 Induxir
226 2724 308 2775 furvae
321 2722 454 2775 luminibus
467 2721 598 2775 tenebrara
