1925 3517
292 330 554 403 ELEGIAE.
716 359 750 416 ῃ

74 434 131 483 Nec
146 446 185 480 me
198 429 292 481 hedera
307 429 388 482 varius
401 432 523 495 superabit
533 437 560 487 iu
572 434 632 488 ilice
646 438 741 495 nudus,

109 515 227 575 Brachia,
238 530 310 569 erunt
324 518 394 569 eollo
409 520 444 570 ait
457 538 510 573 rnea
522 538 583 573 nexa
595 538 664 575 rute.

27 628 29 633 ·
75 604 115 655 At
131 621 177 655 vor
193 606 308 669 purpurei
322 623 392 675 teger
408 608 531 675 ignoscite
546 608 625 669 uitti,

108 689 184 743 Riaur
199 707 271 743 eruut
285 708 370 747 vestra
385 696 442 746 tuuc
457 696 520 749 mihi
533 694 637 749 divitie.

72 853 758 944 nuruulwuwuruuu

275 1028 482 1099 urrant
519 1038 562 1104 v.

80 1194 130 1241 Una
144 1204 211 1239 meae
225 1186 302 1255 igitur
315 1191 423 1242 versabit
435 1191 526 1243 femina
539 1202 625 1247 curaer

109 1283 208 1342 Unaque
225 1274 259 1325 mi
274 1273 350 1332 risus,
364 1293 457 1343 unaque
469 1280 544 1332 fletur
556 1280 622 1331 erit?

77 1372 126 1419 Una
140 1366 203 1418 mihi
220 1366 306 1419 dulcet
318 1362 394 1415 facies
408 1366 576 1419 moderabitur
590 1380 666 1415 annor

60 1492 63 1499 .
82 1484 86 1493 ι
110 1457 183 1517 Quor
198 1451 258 1505 mihi
272 1452 428 1517 Persephone
443 1470 494 1505 non
507 1453 580 1507 volet
592 1468 643 1502 esse
658 1449 701 1502 diu
718 1454 727 1499 l

78 1544 141 1591 Nam
156 1556 197 1590 reu
213 1539 272 1589 dura
289 1553 358 1588 meos
374 1537 418 1590 illa
432 1540 600 1593 adverrabitur
615 1537 702 1604 ignes,

109 1632 155 1677 Seu
169 1623 266 1675 facilem
281 1642 333 1677 stre
350 1628 392 1680 dat
405 1628 465 1681 mihi
475 1667 483 1691 ,
495 1643 576 1682 morte
590 1643 698 1692 premor.

76 1716 129 1765 Nec
143 1710 205 1762 rnihi
219 1711 270 1765 vita
283 1728 368 1777 potest
380 1715 437 1765 duci
452 1718 497 1767 sub
511 1733 593 1769 amore
608 1702 726 1773 sinistro,

107 1802 177 1848 Inter
191 1800 309 1869 mortales
324 1815 369 1849 nec
385 1801 456 1855 lotus
470 1818 522 1851 esse
537 1805 604 1853 Deo.

76 1887 121 1939 Sed
138 1885 221 1951 potius
237 1884 329 1937 moriar
343 1901 369 1940 te
384 1902 426 1947 te,
441 1904 495 1939 mea
508 1885 577 1943 vira,
593 1886 719 1944 tenendo,

108 1979 185 2041 Inque
199 1988 254 2023 tuos
267 1974 381 2025 humeros
396 1977 480 2023 funera
492 1989 577 2024 norrrr
589 1975 686 2025 cadant.

76 2064 170 2111 Funera
183 2060 214 2109 de
227 2059 300 2109 tereti
317 2059 404 2110 melius
418 2060 551 2122 pendentia
567 2062 655 2119 collo,

110 2151 192 2210 Quam
206 2147 226 2198 ai
241 2146 340 2198 sublimi
357 2148 387 2197 de
401 2148 470 2199 trabe
484 2164 544 2200 nexa
557 2151 655 2199 forent:

77 2234 166 2299 Qualis
177 2235 328 2286 Anaxaretes
342 2237 430 2285 fartum
443 2252 503 2301 puer
518 2237 583 2288 ultus
596 2252 720 2298 amarum,

109 2322 206 2377 Flebile
219 2338 356 2387 compressa
368 2327 438 2377 fauce
451 2324 569 2389 pependit
583 2341 655 2377 onur.

74 2411 161 2463 Exitus
178 2424 219 2461 aut
229 2410 265 2460 sic
280 2426 333 2467 ear,
350 2424 391 2459 aut
406 2408 440 2457 sic
455 2413 585 2473 sperandus
599 2412 711 2463 amanti:

109 2502 134 2549 Ο
151 2506 156 2548 !
172 2512 254 2549 uatum
267 2494 333 2547 tristi
347 2493 426 2543 ridere
440 2494 549 2564 qui'rquis
561 2505 643 2547 amat!

73 2588 119 2638 Sed
132 2581 252 2636 tamenin
266 2580 352 2631 meliur
361 2580 410 2630 hec
423 2577 522 2629 nomina
535 2577 616 2630 tristia
629 2598 726 2638 vertent

106 2672 222 2734 Lumina,
237 2667 337 2725 sidereis
351 2662 473 2737 quaemihi
486 2681 532 2732 pro
546 2665 660 2732 facibus,
