1925 3517
194 385 226 451 n
344 331 711 450 runrnrru

194 523 263 592 tut,
286 502 395 586 ingenii
417 499 549 572 bonitas,
574 501 737 584 linguarum
757 507 889 584 peritia,

198 623 229 668 et
250 606 405 667 multarum
426 620 652 684 magnammque
676 623 773 668 rerunt
798 625 888 668 com·

155 710 159 717 ’
195 702 335 784 prehensa
349 701 499 786 cognitio,
517 723 552 764 ea
568 701 598 763 in
614 702 793 782 perplurimis
813 725 887 765 nos-

196 825 307 868 trorum
324 802 500 874 hominum,
521 802 614 874 nihilo
633 803 739 866 ceteris
755 801 888 865 nationi-

197 903 269 971 bus,
287 920 324 962 ne
341 902 408 980 quid
427 901 604 983 arrogantius
620 900 735 970 dicam,
750 901 889 964 inferiora

194 1001 310 1080 reperiri
331 1017 448 1080 queutu.
474 1002 578 1080 Neque
600 1020 671 1064 vero
694 997 765 1062 illud
789 999 886 1064 dicere

195 1119 363 1180 possumus,
382 1102 549 1180 graviorum
568 1100 672 1163 atrium
691 1097 811 1161 scientia
830 1099 884 1159 ad·

195 1193 287 1260 dictos
306 1198 438 1273 homines
462 1199 568 1265 Gallos
591 1221 710 1280 operam
727 1186 834 1278 ponere
854 1197 886 1258 in

197 1299 241 1360 his
258 1299 376 1364 levioris
393 1322 487 1381 operat
506 1298 602 1362 studiis
619 1300 743 1363 noluisse
760 1317 887 1361 :eorum

197 1399 278 1468 enim
294 1400 343 1480 qui
360 1401 396 1465 ad
412 1412 509 1466 ‘verstts
526 1397 672 1462 faciendos
689 1385 818 1462 animum
833 1397 888 1468 ad-

198 1501 347 1579 jecerunt,
363 1502 494 1579 quoedam
509 1519 600 1578 prope
618 1497 727 1560 infinita
741 1499 785 1560 vis
799 1496 886 1560 facile

197 1618 258 1658 non
278 1613 339 1660 tam
358 1599 541 1664 voluntatem
559 1599 624 1670 eis,
645 1617 730 1677 quam
750 1613 887 1662 eventum

198 1696 319 1761 defuisse
336 1695 471 1785 declarat.
489 1697 579 1778 Quod
601 1697 624 1758 si
640 1697 668 1757 id
683 1696 765 1757 nobis
781 1693 887 1784 Graeco

198 1810 333 1867 tantmn,
355 1782 405 1861 aut
424 1785 529 1862 Latino
552 1815 683 1861 sermone
703 1783 886 1876 contigisset,

201 1893 405 1972 forte-causam
419 1896 496 1970 illius
511 1897 660 1986 paupitatis
674 1895 704 1966 in
720 1914 821 1963 earum
830 1894 889 1972 lirr-

199 2013 322 2076 guarum
352 1996 585 2078 peregrinitatem
614 1993 730 2076 rejicere
758 1989 885 2054 liceret‘s

203 2114 281 2168 nunc
304 2114 375 2158 vero
400 2117 467 2161 cum
491 2095 569 2166 idem
595 2097 626 2160 in
648 2115 685 2156 eo
710 2094 887 2177 contigerit,

204 2211 291 2272 quem
309 2213 328 2253 a
343 2191 519 2265 nutricibus,
539 2217 597 2262 una
615 2213 682 2264 cum
697 2190 781 2274 ipso,
797 2209 829 2254 ut
845 2191 890 2272 di·

148 2314 149 2323 ¹
203 2292 303 2364 citur,
329 2290 405 2364 lacte
428 2294 637 2368 combibimus,
656 2293 743 2355 aliam
765 2295 889 2372 omnino

192 2386 320 2470 'eausam
328 2389 486 2465 necessario
499 2395 634 2478 cogimur
647 2392 788 2472 suspicari.
799 2393 887 2466 Scio,

205 2491 264 2552 hoc
279 2480 358 2571 quod
373 2487 496 2566 diturus
515 2517 598 2568 sums
619 2512 791 2588 quantopere
812 2513 889 2558 non·
932 2501 940 2514 ‘
961 2505 962 2594 l

192 2588 354 2661 nullorum
373 2590 486 2665 ,animtrs
504 2592 634 2662 mordeat
650 2618 659 2666 ς
679 2591 727 2664 ted
743 2609 843 2656 tamen
860 2614 891 2664 et
960 2645 961 2660 ,

191 2763 196 2768 .
209 2685 386 2756 verissimum
400 2705 463 2765 est,
479 2706 508 2760 et
523 2690 685 2764 mehercule
698 2690 758 2776 jan
776 2692 891 2770 notius,
959 2667 961 2734 ⁴
